@String{pub-AW          = "Ad{\-d}i{\-s}on-Wes{\-l}ey"}
@String{pub-AW:adr      = "Reading, MA, USA"}

@Book{Knuth1986,
  author =       "Donald E. Knuth",
  title =        "The {\TeX}book",
  publisher =    pub-AW,
  address =      pub-AW:adr,
  year =         "1986",
  series =       "Computers and Typesetting",
  ISBN =         "0-201-13447-0",
  LCCN =         "Z253.4.T47 K58 1986",
  pages =        "ix + 483",
  bibdate =      "Wed Dec 15 10:36:52 1993",
}

@Book{Lamport1985,
  author =       "Leslie Lamport",
  title =        "{\LaTeX} --- A Document Preparation System ---
                 User's Guide and Reference Manual",
  publisher =    pub-AW,
  address =      pub-AW:adr,
  year =         "1985",
  ISBN =         "0-201-15790-X",
  LCCN =         "Z253.4.L38 L35 1986",
  pages =        "xiv + 242",
  bibdate =      "Wed Dec 15 10:38:04 1993",
}

@misc{Drozdowski2006,
  author = "Maciej Drozdowski",
  title = "Jak pisać prace dyplomowe -- uwagi o formie",
  howpublished = "[on-line] \url{http://www.cs.put.poznan.pl/mdrozdowski/dyd/txt/jak_mgr.html}",
  year = {2006},
}

@book{KozierskaMetelski2016,
  author = {Anna Koziarska i Andrzej Metelski},
  publisher = {Politechnika Opolska},
  title = {Statystyka dla studentów kierunków inżynierskich},
  year = {2016}
}

@book{Kotulski2001,
  author = {Zbigniew Kotulski},
  publisher = {Polskie Towarzystwo Matematyczne},
  title = {Matematyka Stosowana},
  year = {2001}
}

@book{NIST2001,
  author = {National Institute of Standards and Technology},
  publisher = {National Institute of Standards and Technology},
  title = {Security Requirements for Cryptographic Modules},
  year = {2001}
}

@misc{L298,
  author = "STMicroeletronics",
  title = "Dual Full Bridge Driver",
  howpublished = "[on-line] \url{https://www.st.com/en/motor-drivers/l298.html}",
  year = {2023},
}


@misc{ULN2803a,
  author = "STMicroeletronics",
  title = "Eight Darlington arrays",
  howpublished = "[on-line] \url{https://www.st.com/en/interfaces-and-transceivers/uln2803a.html}",
  year = {2018},
}

@article{PK,
  author = {J. B. Rhine},
  journal = {Journal of Parapsychology},
  number = {3},
  title = {Dice Thrown By Cup and Machine in PK Tests},
  volume = {7},
  year = {1943}
}

@article{PLA,
  author = { Adrián Rodríguez-Panes, Juan Claver and Ana María Camacho},
  journal = {MDPI Materials},
  title = {The Influence of Manufacturing Parameters on the
 Mechanical Behaviour of PLA and ABS Pieces
 Manufactured by FDM: A Comparative Analysis},
  year = {2018}
}

@misc{PETG,
  author = {Prusa Research by Joseph Prusa},
  howpublished = {[on-line] \url{https://help.prusa3d.com/pl/article/petg_2059}},
  title = {PETG},
  year = {2022}
}

@misc{ABS,
  author = {Prusa Research by Joseph Prusa},
  howpublished = {[on-line] \url{https://help.prusa3d.com/pl/article/abs_2058}},
  title = {PETG},
  year = {2023}
}

@article{PLA2,
  author = {Wenjie Liu},
  journal = {IOP Conference Series: Materials Science and Engineering},
  number = {012033},
  title = {Fabrication of PLA Filaments and its Printable Performance},
  volume = {275},
  year = {2017}
}

@misc{malina,
  author = {Raspberry Pi},
  howpublished = {[on-line] \url{https://www.raspberrypi.com/documentation/computers/raspberry-pi.html#flagship-series}},
  title = {Raspberry Pi hardware}
}

@misc{wheel,
  author = {Botland},
  howpublished = {[on-line] \url{https://botland.com.pl/silniki-dc-katowe-z-przekladnia/3696-kolo-silnik-65x26mm-5v-z-przekladnia-48-1-5903351248129.html}},
  title = {silnik 65x26mm 5V z przekładnią 48:1}
}